2482 4448
302 220 366 290 Da
392 222 587 293 Eunoni
612 221 743 294 Paos.
767 219 933 299 RarioJ
1057 248 1097 323 17

125 343 234 412 Graeci
250 330 490 432 urpeosrtw,
508 344 617 416 nostri
628 353 802 417 immutato
812 334 957 414 sermone
966 342 1092 419 Proser·

122 447 234 605 pinam
253 441 387 524 dicunt,
413 445 453 532 ad
471 443 642 612 conjupale
658 440 857 512 consortium
875 439 984 556 plures
1001 465 1090 539 pete·

146 557 212 606 ant.
238 538 350 610 Mater
368 539 503 612 sollicite
511 541 552 612 de
582 539 769 639 ingulorum
779 547 902 610 meritis
909 538 1087 633 judicabat.
1131 560 1136 575 ¹

123 637 263 706 Etcum
281 638 386 731 acshuc
394 640 546 711 omnibus
555 647 666 710 matris
683 634 839 708 sententia
855 634 1022 709 videretur
1039 647 1089 711 in-

122 768 233 831 certa,
252 750 343 823 dives
359 751 515 836 rusticus,
533 763 586 826 cui
595 776 728 853 propter
737 753 867 822 divitias
874 732 1016 816 naim
1024 748 1090 823 fuit

119 871 264 929 nomen,
283 859 452 921 temerario
461 851 647 949 cupiditatis
663 851 798 931 ardore,
816 873 1027 920 cummoram
1038 847 1088 921 di-

120 942 254 1017 lationis
272 944 356 1019 ferre
374 974 441 1019 non
460 947 582 1048 posset,
601 959 717 1021 &cum
727 949 767 1019 de
777 945 959 1046 praeposteri
968 954 1089 1018 amoris

120 1065 374 1142 conquereretur
382 1047 556 1129 incendiis,
582 1073 682 1145 prope
690 1051 826 1118 Percum
835 1054 1003 1116 inventam
1021 1052 1089 1115 vit-

121 1142 231 1305 fiir'rem
249 1151 342 1242 rapit.
370 1148 487 1216 Percus
506 1166 615 1216 autem
633 1146 741 1225 lacus,
759 1152 794 1213 in
805 1145 933 1212 Hennae
946 1150 1089 1213 civitatis

146 1238 241 1310 nibus
249 1237 320 1313 satis
329 1268 495 1325 amoenus,
514 1246 787 1342 &gratus,cujus
796 1249 963 1311 amoenitas
972 1265 1012 1311 ex
1022 1239 1086 1310 flo-

119 1358 194 1407 rum
213 1340 421 1412 varietatibus
439 1339 586 1412 nascitur.
629 1342 718 1411 Nam
736 1365 794 1436 per
811 1362 943 1408 omnem
961 1363 1085 1410 annum

118 1431 253 1506 viciffim
272 1433 329 1508 fibi
346 1436 585 1511 succedentibus
595 1438 730 1510 floribus
739 1456 922 1506 coronatur.
948 1434 1017 1506 illic
1034 1443 1087 1506 in·

118 1540 228 1604 venies
246 1544 324 1633 quic
347 1538 404 1608 uid
421 1537 590 1634 hyacinthi
608 1557 716 1636 turget
735 1534 925 1624 incaulem3
953 1532 1087 1604 illicco-

114 1655 204 1701 mam
217 1562 368 1716 narcissi,
393 1633 447 1705 vel
465 1635 555 1735 quod
565 1660 694 1706 auream
704 1630 806 1704 rosam
816 1628 948 1729 desuper
957 1639 1083 1730 pingit:

115 1727 188 1798 Illic
207 1729 288 1801 albae
305 1729 430 1803 hederae
440 1759 497 1830 per
506 1753 623 1804 terram
633 1730 778 1804 molliter
786 1727 935 1827 serpunt,
955 1737 988 1798 &
1005 1752 1083 1801 cum

112 1837 287 1927 purpureis
301 1828 400 1900 violis
418 1827 557 1902 suaviter
575 1830 694 1902 rubens
715 1854 877 1899 amaracus
896 1834 1083 1899 invenitur:

115 1949 177 1995 nec
193 1952 348 1998 coronam
357 1927 449 1999 istam
458 1929 565 1999 albam
574 1926 721 1999 deserunt
730 1926 809 1997 lilia.
838 1923 969 1998 Prorsus
987 1945 1084 2022 aptus

114 2022 227 2106 locus,
246 2033 304 2123 qui
312 2033 416 2124 gratia
423 2023 497 2108 sua,
516 2026 673 2124 puellares
683 2031 1012 2119 animos&invitaret
1022 2018 1079 2119 pa·

113 2129 213 2217 riter,
237 2130 412 2194 &teneret
437 2127 476 2194 In
495 2123 559 2194 hoc
578 2125 673 2205 loco,
691 2149 767 2194 cum
785 2121 805 2193 ai
822 2121 962 2192 Plutone
980 2127 1078 2218 virgo

111 2243 215 2318 prope
232 2216 396 2319 vesperam
413 2219 521 2294 suisset
538 2231 690 2303 inventa,
716 2231 751 2292 vi
770 2228 913 2317 rapitur,
932 2227 965 2288 ὃ(
975 2216 1083 2312 super·

109 2315 260 2415 imposrta
276 2319 451 2401 vehiculo,
474 2317 568 2392 sctffis
585 2319 746 2401 vestibus,
773 2316 917 2388 laceratis
935 2313 1080 2386 crinibus

110 2413 251 2486 ducitur.
276 2418 349 2488 Nec
366 2415 516 2490 reservati
524 2445 648 2518 ungues
656 2438 769 2487 contra
788 2436 964 2487 amatorem
984 2410 1080 2483 rusti-

111 2537 189 2583 cum
198 2513 320 2614 aliquid
330 2513 545 2614 prosuerunt,
564 2542 622 2586 nec
631 2515 753 2586 clamor
762 2535 861 2613 atque
870 2511 1014 2584 ululatus
1023 2510 1079 2580 ad-

98 2613 219 2706 juvit,
238 2638 297 2682 nec
313 2635 499 2685 caeterarum
518 2614 666 2712 strepitus
684 2612 876 2712 puellarum.
901 2611 1078 2684 Tuncun'a

111 2708 214 2781 celeri
227 2708 340 2793 cursu,
357 2737 432 2782 cum
441 2711 622 2785 decivitate
640 2738 737 2783 nemo
757 2708 971 2791 succurreret,
990 2705 1078 2779 sasia

108 2831 151 2879 ex
170 2803 239 2906 ipso
259 2816 376 2879 timore
393 2809 558 2893 velocior,
582 2819 677 2881 matri
697 2831 826 2907 raptum
835 2815 971 2908 virginis
990 2828 1074 2878 nuu-

105 2915 182 2979 ciat.
209 2909 337 2978 Contra
354 2927 516 3004 raptorem
525 2907 690 3008 indignata
699 2927 823 2988 mater,
841 2927 997 2976 armatam
1006 2930 1075 2975 ma-

108 3029 187 3074 num
207 3003 308 3077 ducit.
335 3003 408 3075 Nec
416 3005 589 3077 Plutonem
606 3005 749 3076 mulieris
767 3002 887 3075 fefellit
905 3002 1074 3084 adventus,

110 3100 163 3172 sed
172 3122 209 3172 ut
218 3101 344 3174 retorfit
354 3103 395 3175 ad
413 3112 580 3174 civitatem
598 3103 730 3183 oculos,
757 3101 946 3174 &infinitos
955 3122 1077 3171 cuneos

110 3197 246 3296 respexit
263 3210 375 3272 venire
393 3228 470 3272 cum
488 3224 610 3284 matre,
628 3198 792 3272 funestum
801 3227 852 3272 coe
875 3210 950 3271 itex
968 3196 1076 3296 despe-

110 3307 238 3368 ratione
255 3297 433 3371 consrlium.
470 3299 693 3399 Qadrigam,
712 3325 785 3396 quae
804 3227 992 3369 vesiculam
1010 3315 1075 3366 tra-

110 3395 294 3494 hebat,per
304 3395 448 3469 medium
457 3398 564 3468 lacum
573 3397 693 3494 dirigit.
718 3400 747 3466 Is
757 3417 824 3466 erat
833 3393 1004 3493 profundis
1013 3419 1081 3467 νο·Ι

111 3494 277 3592 raginibus
294 3492 478 3579 immersus,
497 3496 648 3567 illiccum
668 3515 771 3563 amata
779 3492 957 3567 submersus
974 3499 1076 3590 virgi·

111 3618 175 3674 ne,
194 3591 376 3666 miserandae
384 3603 480 3664 matri
490 3594 530 3664 de
539 3614 645 3663 morte
656 3589 730 3662 filiae
740 3589 934 3664 funestums
999 3612 1074 3660 acu-

107 3691 182 3765 lum
190 3691 339 3795 praebuit.
363 3690 570 3802 Hennenses,
588 3688 760 3863 ptbpoflent
770 3700 921 3768 maternis
944 3685 1074 3763 ustibus

299 3807 306 3820 ·
1039 3803 1081 3860 ex
