2482 4448
275 233 344 307 Dr
365 233 564 309 Ernortrr
588 239 718 313 Prior.
744 239 906 311 Remo.
1012 259 1073 336 51

104 356 195 431 didit
211 363 358 458 gratiam.
383 360 436 427 De
452 352 780 458 virginisterraelimo
790 360 891 431 homo
902 358 1072 434 fadiusestt

110 456 385 537 nondumenim,
405 474 443 526 ut
459 463 508 527 ait
514 455 688 555 scriptura,
705 457 801 557 supra
808 480 926 530 terram
935 459 1074 557 pluerat.

108 555 180 628 Hic
195 563 392 650 contemptis
409 552 569 626 mandatis
576 559 660 639 Dei,
685 556 866 628 humanum
874 579 976 657 genus
984 584 1073 628 mora

109 648 513 751 talitatisiaqueisafflixit.
540 654 1073 752 Oportebathoctotum&refor-

106 761 219 835 mari,·
236 759 270 825 ὅ(
288 757 428 848 corrigi,
445 759 478 822 ὅ(
496 750 688 824 reformatio
704 761 752 824 or'
779 762 839 825 'nis
847 753 962 825 debuit
971 752 1075 825 refor-

106 877 197 923 mare
214 849 402 948 primordio
426 852 478 922 Ex
495 858 632 950 virginis
649 779 956 925 terrae‘lilimofarius
962 852 1073 923 Adam

106 955 374 1049 praevaricatione
390 957 521 1046 propria
529 946 713 1048 promiffam
764 950 986 1022 rdiditvitam.
1013 953 1076 1022 Per

107 1057 272 1147 virginem
289 1032 706 1146 Mariamacsprritumsan
808 1047 958 1121 Christus
967 1070 1074 1131 natus,

108 1144 433 1218 &immortalitatem
442 1153 650 1244 accepit&re
695 1172 761 1217 um.
787 1145 898 1217 Arbor
916 1147 999 1246 ligni
1019 1173 1079 1246 penv

110 1240 259 1325 stiferum
267 1244 408 1341 deceptis
417 1241 575 1341 pabulum
584 1173 738 1342 praebbit:
765 1245 893 1344 lignum
911 1254 1075 1321 crucisvi-

111 1362 180 1423 tam
198 1341 376 1414 immortali
393 1366 467 1411 com
530 1368 548 1413 e
567 1342 716 1415 restituit.
741 1339 945 1442 Contempsit
954 1343 1073 1426 Adam,

110 1441 260 1521 obedivit
277 1444 351 1511 Deo
370 1439 453 1512 Chri
481 1465 529 1511 us.
550 1440 615 1512 'Sic
632 1441 745 1512 divina
761 1439 817 1511 dis
852 1439 966 1512 sitione
984 1451 1097 1540 quic-¹

107 1539 191 1638 quid
200 1537 457 1637 Adamperdidit
465 1537 758 1611 Christusinvenit.
820 1536 958 1637 ampost¹
972 1540 1079 1612 multa
1140 1592 1145 1603 -

75 1684 78 1691 ι
108 1634 445 1735 temporanoviffimis
453 1635 757 1735 temporum'spaciis
767 1636 817 1733 [id
828 1635 1075 1720 est,noviffima

109 1761 193 1833 pene
209 1733 391 1813 seculorum
411 1734 629 1832 hebdomade]
649 1735 788 1807 verbum
807 1738 871 1807 Dei
890 1736 1035 1809 humano
1044 1732 1078 1808 se

108 1829 237 1904 miscuit
253 1842 403 1931 corpori,
434 1852 471 1902 ut
488 1832 656 1905 hominem
675 1832 825 1912 liberaret
843 1882 854 1916 ,
879 1855 917 1905 ut
934 1856 1078 1908 mortem

108 1940 275 2014 vinceret,
295 1951 333 2002 ut
350 1929 561 2030 fragilitatem
579 1932 1079 2029 humanicorporiscumdivino

110 2029 359 2112 immortalitate
377 2032 598 2128 conjungeret.
624 2029 718 2128 Qid
737 2039 824 2100 enim
844 2027 963 2103 faceret
986 2051 1078 2102 tanta

111 2126 432 2211 turba-{mdiorumi
475 2153 524 2197 uae
533 2125 814 2225 illisspessalutis?
841 2129 932 2224 quod
941 2137 1076 2199 merito-

107 2252 185 2298 rum
203 2234 392 2325 proemium,
411 2225 435 2297 s1
451 2152 510 2298 dub
529 2252 593 2298 una
601 2225 778 2324 eademque
786 2225 977 2299 conditione
984 2225 1079 2298 sortis

107 2324 376 2410 includiabilibus
397 2322 606 2396 mortalitatis
615 2324 739 2422 laqueis
749 2331 844 2394 etiam
856 2322 922 2420 ipsa
931 2323 1077 2422 obligata

106 2427 297 2507 teneretur?
321 2423 419 2502 Nihil
428 2422 533 2505 Abel,
552 2421 635 2495 nihil
646 2421 782 2504 Enoch,
801 2421 885 2492 nihil
905 2423 1002 2503 Noe,
1027 2431 1078 2493 ni-

109 2521 160 2592 hil
178 2525 273 2604 Sem,
292 2521 376 2593 nihil
395 2521 582 2604 Abraham,
602 2510 685 2592 dihil
704 2520 805 2603 Isaac,
832 2519 915 2590 nihil
924 2520 1025 2619 Jacob
1035 2520 1078 2590 de

109 2621 177 2691 Dei
195 2617 485 2691 fibimiseric'ordia
503 2646 540 2690 ac
548 2618 712 2716 majestate
721 2627 967 2717 promitterent:
993 2627 1081 2691 irent

109 2725 212 2812 etiam
223 2716 278 2817 ipfi
286 2718 358 2817 post
369 2740 497 2790 tantum
507 2717 583 2789 fidei
592 2727 746 2789 meritum
756 2743 831 2788 cum
840 2725 962 2788 caeteris
972 2725 1079 2790 omni·

109 2815 173 2889 bus
192 2810 317 2915 pariter
329 2817 485 2898 addidir,
504 2825 660 2888 &omnes
669 2819 733 2886 Dei
742 2812 868 2887 sardios
877 2841 981 2886 unum
990 2842 1080 2886 mor·

107 2925 152 2988 tis
171 2924 315 2987 exitium
330 2923 512 3012 exciperet,
532 2941 592 2985 nec
609 2913 743 2984 haberet
763 2913 849 3012 apud
868 2915 977 2984 Deum
998 2939 1080 3013 prae-

72 3067 77 3074 ·
108 3016 216 3107 mium
234 3009 399 3114 pietas,s1
423 3038 488 3084 una
497 3013 609 3084 eadem
633 3038 674 3085 ue
684 3037 797 3083 omnes
806 3010 953 3083 conditio
963 3019 1081 3083 mortis

109 3112 265 3184 hauriret.
276 3111 338 3184 Sed
346 3114 438 3183 Deus
446 3111 586 3182 Abrahae
594 3039 822 3183 ebriusbcoeli
831 3107 996 3208 syderibus
1004 3136 1081 3208 pro·

110 3207 240 3290 miserat
257 3230 395 3315 regnum
404 3239 424 3297 ‚:·
441 3210 516 3281 ideo
535 3235 712 3309 exgenere
730 3208 871 3280 Abrahae
888 3204 1082 3278 descendens

110 3308 224 3381 Maria
240 3319 293 3382 vir
315 3337 336 3387 o
355 3312 464 3385 Deum
473 3317 636 3406 concipit,
661 3329 699 3378 ut
708 3305 965 3405 supradideorum
974 3305 1082 3377 homi-

110 3432 194 3479 num
211 3336 338 3479 sobofes
357 3406 551 3479 immortalis
568 3405 728 3482 societatis
735 3403 870 3476 vinculo
876 3406 1081 3502 jungeretur,

110 3513 145 3578 &
163 3504 205 3576 fic
220 3506 402 3579 humanum
414 3502 416 3507 ’
421 3532 523 3608 genus
536 3532 599 3604 per
619 3494 788 3574 hominem
797 3511 917 3601 pariter
927 3507 1082 3572 &Deum

108 3607 238 3705 'aequata
256 3602 413 3681 societatis
431 3612 673 3703 comparatione
691 3602 906 3700 conjundium
925 3649 936 3683 ,
961 3600 1002 3670 ad
1020 3608 1084 3669 im·

108 3703 514 3831 mortalitatig-Jmcperium
532 3701 727 3874 obedffitiae
745 3709 863 3774 merito
888 3704 1084 3893 perverzirLet.

101 3846 103 3851 ·
599 3832 630 3841 ·’
698 3825 721 3871 2
958 3804 1088 3868 ··uia
