2482 4448
291 243 357 314 Dr:
383 242 581 353 Ennonn
605 244 735 315 Pnor.
762 241 926 312 Rnnro.¹
1033 233 1082 334 33⁸

72 412 75 419 .
109 393 187 441 nem
205 367 321 439 rustica
339 367 435 438 turba
451 375 605 438 comitata
621 367 677 440 est.
702 370 778 439 Fuit
795 369 858 440 alia
866 377 901 439 in
911 366 1075 464 AEgyptffl

112 468 195 553 Nilij
206 475 289 566 regis
306 465 393 548 filia,
420 474 568 536 textrinae
586 475 662 536 artis
680 466 839 566 magist-rm
864 466 983 539 Tertia
990 487 1076 533 vero·

109 586 202 666 patre
211 568 350 635 Saturno
358 571 467 663 genita
476 562 595 634 est.Sed
602 564 685 634 hanc
693 574 873 664 viraginem
880 559 974 634 fuiffe
982 585 1072 632 com-

111 682 311 747 memorant:
332 687 406 732 nam
416 659 716 760 nunquamseintra
725 659 872 733 foeminei
880 659 972 733 sexus
980 672 1074 731 vere·

110 761 263 833 cundiam
273 769 399 850 tenuit,
417 757 470 830 sed
480 784 568 830 arma
577 758 640 831 sem
664 786 698 831 er
708 759 941 859 strepitumque
950 768 1084 856 pugna?

108 884 204 942 rum,
229 866 263 929 &
279 876 412 928 cruenta
427 855 562 956 sequuta
580 856 624 927 est
634 787 918 930 Kudiabellorum.
945 861 1076 955 Qarta

109 960 204 1126 hvis
222 960 345 1029 Cretici
354 963 438 1054 regis
446 953 511 1026 fuit
522 953 605 1038 filia,
633 981 706 1054 quae
715 953 853 1027 occisum
863 962 946 1054 patri
956 952 1084 1025 detulit·

143 1054 279 1144 fberum.
305 1057 455 1150 ¹Qinta
472 1051 616 1124 Pallante
637 1074 746 1152 patre,
770 1052 990 1127 &Tritonide
1007 1077 1076 1122 ma-

110 1151 315 1236 treortaest‚
342 1177 416 1250 quae
424 1159 523 1253 patris
532 1152 691 1249 appellata
699 1154 967 1235 nomine‚Pallas
976 1148 1021 1220 est
1030 1147 1084 1219 ab'

110 1249 298 1323 hominibus
316 1270 509 1349 nuncupata.
543 1252 624 1323 Haec
632 1250 975 1348 parricidalisamentia
983 1245 1076 1318 furo·

93 1392 95 1396 >
110 1357 155 1420 ris
174 1357 206 1420 &
225 1345 346 1420 vefinae
355 1355 544 1419 temeritatis
553 1347 707 1420 instincru
713 1396 724 1430 ,
752 1369 876 1447 patrem
893 1347 1075 1421 Pallantem

111 1446 234 1519 crudeli
243 1467 349 1518 morte
353 1446 530 1543 jugulavit.
549 1447 622 1516 Nec
632 1444 765 1545 {implici
773 1454 872 1544 patris
880 1469 987 1517 morte
995 1467 1075 1513 con·
1188 1438 1190 1443 ’

110 1565 219 1627 tenta,
246 1565 284 1615 ut
302 1544 425 1616 diutius
441 1543 534 1629 malis
553 1541 614 1616 suis
622 1539 802 1628 frueretur,
827 1552 907 1616 &ut
917 1544 957 1615 de
966 1560 1074 1613 morte

109 1639 211 1742 petris
219 1640 382 1714 crudelius
392 1641 625 1739 triumpharet,
651 1651 777 1715 exuviis
785 1650 932 1740 corporis
941 1644 1010 1737 ejus
1019 1661 1083 1709 or-·

108 1763 185 1813 nata
203 1739 269 1822 est,
295 1759 336 1811 ut·
350 1739 511 1836 parricidii
528 1738 652 1811 facinus
670 1766 710 1827 ex
728 1739 1076 1812 crudeliostentatione

106 1837 299 1939 publicaret.
323 1841 435 1934 Hujus
454 1837 499 1908 est
508 1838 708 1922 Palladium,
733 1835 914 1936 pronefas,
940 1844 1075 1907 nomine

108 1935 339 2008 consecratum.
365 1938 446 2006 Haec
455 1934 500 2005 est
510 1935 695 2035 Pallasquae
704 1936 843 2018 colitur,
868 1935 936 2007 haec
945 1934 990 2005 est
1000 1953 1074 2033 quae

110 2033 291 2132 pontificali
301 2033 372 2131 lege
380 2031 543 2116 servatur,
562 2039 696 2131 &cujus
704 2031 828 2106 facinus
836 2031 975 2105 severius
985 2032 1075 2102 dam-

110 2140 181 2203 nari
191 2129 362 2213 debuerat,
388 2134 456 2229 ejus
464 2140 572 2231 imago
581 2129 765 2231 suppliciter
774 2132 935 2203 adoratur.
962 2134 1075 2227 Appo-

108 2239 178 2302 nite
198 2239 325 2329 ignem,
352 2250 466 2329 augete
474 2228 639 2312 flammas,
665 2251 703 2301 ut
712 2231 910 2330 quotidianis
918 2226 1079 2300 sacrificiis

85 2356 88 2362 ·
106 2328 222 2400 vestris
239 2326 365 2399 dicatur
383 2328 502 2399 ardere.
529 2328 622 2428 Qrd
632 2337 719 2400 enim
728 2349 869 2400 meretur
877 2326 966 2398 aliud
976 2333 1077 2424 parri-

107 2426 201 2506 cida,
225 2424 284 2495 nifi
302 2446 339 2496 ut
358 2447 512 2525 perpetua
520 2435 702 2498 mutatione
711 2426 915 2499 flammarum
924 2445 999 2495 ante
1008 2421 1077 2494 sen-

109 2531 247 2594 tentiam
266 2527 330 2594 Dei
371 2523 497 2594 uotidie
516 2523 654 2596 flammis
663 2525 833 2597 ultricibus
842 2543 1076 2595 concremetur.

111 2619 210 2693 Busta
227 2618 319 2702 sunt,
343 2550 536 2694 geratiffimi
554 2625 783 2720 Imperatores,
808 2621 998 2722 appellanda
1007 2644 1076 2690 non
1135 2706 1138 2714 Ι

108 2717 243 2816 templa.
270 2723 357 2818 Rogi
372 2716 446 2790 sunt
463 2729 573 2819 potius
582 2722 710 2792 dicendi
718 2720 918 2793 miserorum.
943 2720 1031 2792 Nam
1041 2726 1077 2789 in

108 2818 273 2890 honorem
282 2816 455 2888 hominum
504 2818 664 2890 rditorum
673 2820 756 2891 aedes
764 2847 823 2918 pro
832 2817 1006 2916 sepulchris
1015 2822 1077 2889 mi}

106 2915 241 2989 seranda
259 2914 434 2985 hominum
463 2923 584 2987 ervitus
593 2915 681 2988 facit.
707 2920 1079 2988 Hiecrematorumcor-

157 3040 229 3085 rum
249 3009 371 3083 favillae
380 3010 565 3096 servantur,
592 3014 1079 3088 hiccineresmortuorum'irre'-

110 3040 224 3208 Eogiosa
243 3109 313 3208 lege
332 3110 538 3193 conduntur,
564 3134 601 3182 ut
619 3113 805 3185 acerbarum
825 3120 982 3184 mortium
992 3110 1080 3206 casus

112 3209 307 3375 {Juotidiano
317 3209 526 3281 vifflmarum
535 3208 687 3309 sanguine
696 3209 910 3291 recrudescat,
934 3209 1081 3280 uttristis'

130 3315 357 3378 amentationis
366 3316 471 3378 exitus
482 3330 656 3380 renovatus
666 3319 780 3380 annuis
790 3309 932 3379 lufflbus
941 3306 1080 3379 renasca-

114 3425 192 3504 tur,
218 3425 256 3475 ut
273 3402 394 3504 sopitos
412 3403 508 3477 fletus
526 3408 685 3477 recentior
703 3406 848 3480 ululatus
857 3415 1016 3506 exagitet,
1044 3427 1082 3478 ut

113 3501 304 3600 parricidia,
328 3500 382 3574 vel
396 3503 519 3589 ¹incesta
528 3504 583 3576 vel
594 3525 715 3576 mortes
723 3530 764 3576 ex
773 3503 933 3579 sacrorum
943 3515 1009 3577 ritu
1018 3514 1079 3575 mi·

1016 3600 1083 3674 sera

164 3784 179 3824 ¹
196 3767 806 3897 Qmpdnwrmeafflimidemmbrufig
819 3766 1053 3891 connumerato?
1063 3839 1092 3892 Β

820 3855 836 3896 0
